2390 3085
1207 193 1242 242 6

253 364 437 402 veterum
477 358 756 413 scriptorum,
796 359 870 414 qui
900 357 954 399 de
995 370 1048 399 eo
1085 354 1377 413 narraverunt,
1417 373 1618 402 summam
1656 359 1976 408 admirationem
2005 364 2204 407 moveret,

250 427 443 482 quodque
473 427 601 467 etiam
627 438 735 465 nunc
764 424 1042 475 demonstret,
1066 426 1218 467 nimios
1249 426 1346 483 illos
1374 441 1460 469 non
1485 426 1632 470 fuisse.
1671 425 1901 468 Columnae
1930 424 2041 465 enim
2068 424 2201 476 parie-

252 493 365 536 tibus
390 494 590 544 insertae,
619 504 698 545 qua
723 499 838 543 parte
869 489 1112 541 exstabant,
1142 479 1234 533 XX
1269 493 1408 545 pedes
1430 490 1657 546 habebant,
1679 489 1933 543 canaliculi:
1960 490 2046 532 sive
2074 488 2202 531 sulcis

252 561 380 603 tantis
408 559 602 601 undecim
632 556 699 598 vel
726 558 947 599 duodecim
970 558 1132 609 incisis,
1158 563 1207 600 ut
1228 559 1274 599 in
1304 558 1494 614 singulos
1523 572 1675 611 corpus
1700 558 1926 600 humanum
1950 558 2135 597 inserere
2154 569 2202 597 se

251 633 400 682 posset
420 626 465 677 ¹).
519 623 778 665 Intrinsecus
816 621 906 665 ΧΠ
931 624 1064 678 pedes
1096 622 1381 667 continebant.
1436 623 1606 680 Integra
1633 625 1762 666 aedes
1785 637 1879 666 cum
1902 623 2099 665 stetisset
2133 634 2206 665 us-

248 707 333 749 que
364 692 416 741 ad
452 704 607 731 annum
634 687 718 732 MC
742 704 781 743 p.
814 689 909 732 Chr.
942 704 983 731 n.
1010 704 1122 732 anno
1150 688 1368 738 mcccc!
1389 691 1435 732 in
1461 699 1676 736 extremas
1700 691 1845 732 ruinas
1874 688 2032 740 abiit2).
2079 686 2204 733 Nunc

253 761 497 801 insanarum
525 756 696 798 molium
724 756 933 806 cumulus,
958 755 1057 801 ficis
1087 766 1130 798 et
1157 757 1394 813 amygdalis
1422 758 1654 808 intersitis,
1693 765 1830 799 servat
1856 758 1984 799 etiam
2012 757 2204 810 antiquae

254 824 560 882 magnitudinis
596 823 837 867 memoriam
877 824 1046 865 nomine
1082 822 1225 877 palatii
1265 824 1353 865 sive
1391 822 1536 878 templi
1576 822 1830 880 Gigantum,
1876 822 2058 866 sonasse
2094 821 2205 877 quod

244 891 494 947 ‘Gigantum
522 892 697 930 summis
725 889 1061 936 olim,colum,nis
1089 880 1383 944 impositorum
1411 889 1609 947 reliquiae
1641 891 1949 932 circumiacent.

360 1010 538 1066 Reliqua
560 1008 649 1050 fere
676 1007 830 1063 templa
856 1010 1083 1053 secundum
1111 1007 1334 1055 australem
1363 1006 1481 1052 urbis
1507 1022 1670 1067 murpm
1710 1011 1793 1053 sita
1830 1013 1976 1063 erant,
2009 1006 2203 1051 videlicet

257 1094 338 1137 quo
366 1080 515 1125 tonius
545 1070 660 1118 cives
689 1086 937 1131 pugnarent,
953 1092 1043 1132 *pro
1073 1079 1243 1122 deormn
1272 1076 1567 1117 immortalium
1592 1079 1680 1132 „aris
1710 1078 1987 1118 decertantes.
2044 1075 2204 1117 Eadem

254 1146 306 1187 de
330 1158 465 1192 ‚causa
491 1142 622 1184 videri
645 1146 826 1198 possent
846 1144 973 1184 muris
1002 1158 1191 1200 saxoque
1219 1143 1273 1183 iis
1301 1140 1491 1184 subiecto
1519 1143 1678 1190 inserta
1705 1142 2021 1196 esselsepulcra
2048 1141 2205 1184 colum-

253 1212 414 1255 barium
443 1213 597 1262 instar,
626 1214 696 1261 ut,
724 1207 795 1250 ubi
820 1210 987 1251 fortiter
1012 1219 1251 1265 pugnantes
1278 1206 1562 1264 cecidissent,
1590 1208 1650 1250 ibi
1678 1211 1838 1251 conditi
1863 1218 2095 1262 manerent,
2124 1210 2205 1250 nisi

255 1281 326 1329 iis,
353 1292 460 1333 quae
489 1275 666 1319 Bartels.
693 1274 767 1318 ΠΙ.
795 1291 834 1329 p.
861 1277 944 1319 42⁶2
971 1276 1154 1331 protulit,
1182 1291 1209 1318 a
1236 1275 1655 1332 Carthaginiensibus
1679 1270 1936 1332 aliquamdiu
1965 1275 2068 1318 urbe
2100 1277 2206 1329 poti-

259 1347 331 1397 tis,
357 1343 631 1397 repetendam
660 1357 758 1384 esse
779 1356 924 1384 eorum
954 1344 1158 1400 originem
1183 1344 1549 1391 demonstraretur.
1600 1342 1718 1386 Inter
1743 1343 1848 1386 haec
1885 1346 2014 1400 igitur
2039 1344 2208 1397 templa,

259 1426 365 1467 quae
395 1411 619 1466 quominus
648 1406 672 1449 ὁ
699 1409 929 1465 longinquo
964 1411 1325 1465 conspicerentur,
1360 1412 1453 1465 ipse
1480 1423 1622 1453 murus
1644 1408 1878 1463 prohibuit,
1909 1411 2030 1453 Jovis
2056 1411 2206 1455 aedem

259 1479 311 1526 ad
342 1477 603 1530 occidentem
644 1476 828 1516 maxime
867 1476 1019 1527 sitam,
1056 1477 1225 1530 excepit
1260 1476 1405 1518 fanum
1444 1475 1667 1529 Herculis,
1705 1477 1748 1518 in
1784 1491 1885 1530 rupe
1913 1466 1997 1519 non
2025 1476 2152 1534 longe
2181 1492 2206 1519 a

257 1547 350 1587 foro
378 1545 531 1594 sitnm,
560 1551 749 1584 sanctum
780 1547 907 1597 atque
935 1541 1202 1599 religiosum,
1231 1556 1339 1585 nunc
1363 1534 1464 1585 'vero
1491 1544 1661 1600 penitus
1690 1543 1910 1587 disiectum
1928 1544 1982 1598 ³).
2036 1543 2209 1587 Praeter

254 1614 340 1655 ‘hoc
366 1611 468 1656 nihil
496 1610 692 1651 traditum
722 1614 790 1651 est
816 1611 869 1651 de
896 1609 987 1650 foro
1010 1604 1247 1665 Agrigenti,
1277 1611 1336 1655 ‹id
1357 1610 1468 1665 quod
1484 1612 1633 1665 mirum
1655 1611 1785 1652 videri
1806 1615 1964 1664 potest)
1992 1612 2074 1652 nisi
2093 1613 2206 1666 quod

261 1694 370 1722 saxa
398 1675 598 1724 nonnulla
625 1675 827 1731 quadrata
855 1676 1041 1717 indicare
1068 1670 1267 1731 putantur
1291 1677 1410 1719 illum
1435 1676 1600 1728 locum,
1639 1678 1706 1732 qui
1736 1678 1915 1732 exiguus
1952 1691 2037 1719 non
2062 1683 2209 1732 potest

261 1761 346 1787 non
368 1745 534 1797 fuisse,
576 1743 774 1796 quoniam
798 1741 946 1794 planus
989 1756 1159 1795 campus
1194 1745 1327 1784 maior
1365 1757 1566 1798 nusquam
1604 1745 1805 1796 reperitur
1819 1746 1869 1793 ⁴).
1923 1743 1973 1785 ln
2010 1743 2206 1785 Herculis

257 1810 417 1867 templo
448 1814 494 1853 et
516 1807 829 1863 pulcherrimum
853 1807 1112 1850 simulacrum
1142 1809 1211 1851 dei
1235 1824 1291 1851 ex
1322 1824 1418 1851 aere
1442 1814 1560 1862 erat,
1594 1824 1619 1851 a
1649 1808 2066 1866 Carthaginiensibus
2092 1809 2208 1853 abla-

256 1890 345 1921 tum
374 1880 472 1931 post
498 1884 783 1931 expugnatam
809 1874 970 1927 urbem,
999 1878 1234 1918 restitutum
1257 1891 1283 1918 a
1311 1876 1523 1930 Scipione,
1557 1878 1669 1932 quod
1699 1879 1923 1933 quominus
1946 1876 2102 1919 Verres
2131 1892 2207 1919 no-

258 1954 405 1987 cturno
429 1944 584 1996 impetu
611 1941 792 1993 tolleret,
821 1956 1027 1987 concursu
1043 1944 1261 1985 universae
1289 1945 1469 1985 civitatis
1494 1942 1728 1999 prohibitus
1754 1953 1834 1995 est,
1858 1949 1903 1986 et
1931 1938 2206 1986 clarissimum

259 2011 463 2054 zeuxidis
501 2023 629 2064 opus,
673 2010 787 2067 quod
820 2009 1110 2067 Agrigentinis
1150 2010 1333 2052 donasse
1373 2011 1546 2065 dicitur,
1584 2009 1788 2052 Hercules
1824 2010 1962 2052 infans
2000 2010 2207 2053 dracones
2261 2016 2278 2029 ‘

258 2076 555 2134 strangulans,
601 2076 807 2119 Alcmena
833 2087 966 2119 matre
996 2075 1137 2124 coram
1171 2082 1350 2131 pavente
1394 2086 1438 2120 et
1474 2077 1777 2132 Amphitryone
1795 2079 1842 2128 ⁵).
1891 2077 1987 2119 Jam
2026 2079 2209 2133 sequitur

258 2145 456 2200 templum
482 2143 592 2201 quod
620 2144 770 2187 dicitur
795 2143 1085 2200 Concordiae,
1114 2145 1168 2188 de
1195 2160 1274 2202 quo
1307 2153 1433 2188 antea
1458 2145 1721 2198 monuimus,
1760 2152 1938 2201 postque
1968 2143 2048 2188 hoc
2079 2144 2208 2188 aedes

269 2347 300 2396 ¹)
346 2344 537 2390 Stolberg.
558 2345 626 2380 111.
654 2356 688 2391 p.
714 2345 790 2390 463.
820 2346 978 2381 Goethe.
1007 2357 1044 2391 p.
1072 2346 1146 2383 166.
1170 2346 1329 2384 Bartels.
1355 2348 1424 2384 ln.
1451 2358 1486 2393 p.
1514 2356 1590 2391 415.
1637 2346 1838 2393 Kephalid.
1863 2347 1893 2383 1.
1918 2357 1953 2391 p.
1977 2350 2050 2384 280
2075 2357 2154 2389 sqq.

268 2416 302 2465 ²)
349 2415 490 2449 Fazell.
512 2414 543 2449 1.
565 2414 630 2448 v1.
655 2425 684 2449 1.
710 2415 901 2461 Brydone.
928 2416 977 2449 11.
1004 2426 1040 2459 p.
1069 2423 1101 2458 7.
1127 2426 1208 2459 sqq.
2176 2428 2187 2450 x

265 2485 300 2532 ³)
345 2481 424 2516 Cic.
447 2482 558 2518 Verr.
583 2483 652 2518 lv.
677 2490 733 2525 43.

263 2553 301 2600 ⁴)
347 2550 547 2594 Kephalid.
574 2551 603 2584 1.
632 2562 667 2595 p.
691 2555 769 2593 283.
816 2552 974 2587 Bartels.
1001 2554 1070 2587 ΙΙΙ.
1095 2564 1131 2597 p.
1158 2561 1234 2601 423.

269 2620 301 2672 ὅ)
350 2618 450 2654 Pliu.
477 2619 522 2654 H.
547 2619 594 2653 N.
617 2619 782 2656 XXXV.
809 2620 863 2663 36.
889 2631 921 2657 2.
