2388 3095
240 368 391 412 Graec
426 379 469 412 et
495 369 614 412 Rom.
642 370 721 413 lx.
745 367 800 412 11.
826 384 864 423 p.
887 371 989 421 354)
1034 371 1166 411 rivum
1204 371 1332 413 istum
1369 383 1470 412 cum
1508 370 1653 428 Drago
1689 371 1968 413 coniunctum.
2032 369 2190 413 Contra

239 439 309 491 qui
337 439 488 479 itinera
518 445 785 478 narraverunt
819 436 916 484 alii,
957 435 1171 492 Siculique
1196 436 1286 478 fere
1315 450 1467 479 omues
1523 437 1703 490 (Fazell.
1732 437 1880 493 ᾼιιιίοο
1893 467 1907 490 ,
1957 435 2189 484 Puncraxi)

238 506 373 557 ipsum
385 493 570 559 Dragum
581 492 823 560 Aci-agranta
848 502 980 544 fuisse
1008 502 1278 545 contendunt.
1308 502 1447 560 Atque
1474 503 1532 556 hi,
1560 505 1597 546 si
1624 505 1726 561 quid
1755 504 1891 556 video,
1917 512 2044 545 recte.
2068 500 2187 544 Man-

240 572 350 613 nerti
378 572 490 612 enim
518 569 762 626 Cluverique
790 571 1028 611 sententiae
1047 569 1130 612 hoc
1154 569 1412 623 refelluntur,
1442 572 1557 627 quod
1585 572 1667 614 duo
1679 571 1806 623 fluvii,
1833 584 1936 627 quos
1949 569 2191 625 Acraganta

240 638 519 694 Hypsamque
546 637 679 679 fuisse
705 638 864 688 dicunt,
891 638 1104 679 coniuncti
1131 638 1176 679 in
1212 651 1328 685 mare
1367 638 1648 682 effunduntur.
1707 637 1869 680 Cluver.
1906 638 2014 679 adeo
2049 635 2190 677 Ptole-

240 719 405 747 maeum
434 705 632 760 castigat,
659 704 768 760 quod
796 703 989 759 Hypsam
1018 716 1098 745 suo
1125 717 1197 745 ore
1223 704 1266 745 in
1296 718 1411 747 mare
1439 708 1560 748 exire
1586 706 1757 748 dixerit.
1812 704 1899 747 Sed
1927 706 1963 746 si
1979 716 2048 745 res
2059 711 2189 756 esset,

240 777 291 814 ut
316 771 378 813 illi
405 770 562 822 volunt,
587 785 672 812 non
701 784 875 825 possem
906 784 989 812 non
1016 770 1174 824 mirari,
1200 771 1243 811 id
1263 784 1407 827 neque
1432 786 1458 813 a
1486 771 1692 827 Polybio,
1728 786 1863 827 neque
1893 770 1946 812 ab
1973 769 2058 812 alio
2087 782 2191 825 quo-

242 852 361 893 quam
390 851 552 888 eornm,
579 838 654 893 qui
681 837 1053 893 Agrigentinorum
1080 836 1297 879 fluviorum
1322 839 1581 880 mentionem
1603 836 1780 889 faciunt,
1807 851 1915 893 esse--
1931 849 2190 879 commemo·-

236 914 391 947 ratum.
452 904 487 945 E
514 917 690 958 quorum
719 903 903 957 silentio,
928 905 1174 957 praesertim
1203 918 1295 945 cum
1323 902 1429 945 Ptol.
1461 904 1632 946 disertis
1661 902 1799 946 verbis
1827 895 2075 946 contrarium
2114 903 2190 944 do·-

238 981 347 1024 ceat,
375 972 465 1012 iure
492 968 716 1025 colligitur,
743 984 828 1012 non
854 985 937 1013 uuo
966 972 1076 1013 ostio
1103 971 1274 1013 effundi.
1320 969 1385 1012 Ita
1413 972 1452 1012 si
1476 980 1676 1025 apparet,
1711 970 1873 1012 flumen
1903 969 2055 1011 Sanctiss
2087 967 2187 1010 Bla-

233 1039 286 1079 sii
325 1051 410 1078 non
449 1049 546 1077 esse
574 1033 841 1092 Acraganta‚
888 1051 942 1079 ne
971 1035 1074 1078 illud
1102 1037 1266 1093 quidem
1294 1045 1410 1079 stare
1433 1038 1582 1091 opinor
1605 1069 1619 1091 ‚
1663 1037 1783 1094 quod
1807 1035 1971 1078 Cluver.
1993 1035 2188 1091 Dragum

235 1103 440 1159 Hypsam,
465 1101 707 1159 Acraganta
732 1100 889 1145 Narum
917 1103 1052 1146 fuisse
1080 1104 1198 1147 dicit.
1258 1101 1450 1160 Namque
1478 1118 1565 1148 uon
1593 1105 1733 1160 video,
1761 1104 1832 1160 qui
1856 1103 2008 1145 factum
2034 1104 2113 1157 sit,
2141 1111 2190 1144 ut

236 1171 475 1214 conditores
498 1168 615 1211 urbis
641 1174 836 1223 peterent
867 1184 1020 1213 nomen
1048 1183 1072 1211 a
1099 1169 1274 1212 flumine
1299 1172 1525 1214 remotiore
1552 1172 1721 1227 potius,
1749 1184 1876 1226 quam
1906 1169 1959 1211 ab
1990 1183 2066 1222 eo,
2116 1170 2187 1225 qui

234 1237 363 1293 ipsius
396 1234 514 1279 urbis
545 1237 715 1279 moenia
740 1235 900 1280 lambit.
963 1238 1087 1289 Quae
1114 1251 1207 1280 cum
1235 1239 1296 1280 ita
1326 1239 1434 1292 sint,
1464 1244 1604 1292 spreta
1633 1235 1797 1291 Polybii
1826 1238 2098 1287 auctoritate,
2143 1244 2188 1277 ut

237 1307 359 1346 cuius
381 1302 512 1345 verba
537 1312 729 1356 corrupta
758 1305 991 1359 videantur,
1018 1304 1216 1361 equidem
1243 1317 1327 1358 uon
1358 1303 1520 1356 dubito,
1549 1304 1653 1361 quin
1679 1303 1867 1360 Acragas
1894 1303 2018 1345 fuerit
2035 1303 2090 1356 is,
2120 1303 2188 1357 qui

234 1369 288 1413 ab
317 1369 568 1413 occidentali
595 1379 711 1423 parte
737 1369 853 1412 urbis
882 1371 1055 1413 moenia
1088 1370 1369 1423 praeterfluit,
1407 1373 1556 1427 quique
1595 1384 1704 1412 nunc
1744 1375 1914 1411 vocatur
1952 1370 2112 1424 Drago,
2149 1371 2187 1410 is

236 1446 373 1479 autem
400 1436 589 1493 Hypsas,
617 1437 686 1492 qui
715 1434 769 1478 ab
798 1435 992 1479 orientali
1012 1435 1145 1480 latere
1181 1434 1247 1478 111
1277 1436 1410 1480 millia
1444 1451 1644 1491 passuum
1682 1444 1866 1479 remotus
1910 1436 2038 1479 hodie
2073 1434 2187 1478 Naro

236 1504 477 1559 appellatur.
527 1503 698 1546 Rivulus
728 1511 868 1563 autem
905 1504 1069 1546 medius
1107 1505 1218 1547 inter
1256 1508 1504 1567 utmmque,
1550 1505 1621 1561 qui
1660 1518 1687 1546 a
1719 1503 1897 1552 Cluvero
1932 1517 2005 1557 pro
2044 1501 2189 1556 Hypsa
2235 1528 2245 1533 -
2386 1432 2388 1562 1

235 1570 402 1614 habitus
431 1586 527 1614 esse
556 1571 738 1625 videtur,
771 1571 971 1627 quoniam
1002 1580 1173 1614 tenuem
1201 1570 1391 1625 Hypsam
1419 1572 1544 1624 dicit,
1571 1580 1616 1615 et
1639 1570 1785 1613 Fiume
1813 1572 1856 1613 di
1882 1569 1996 1613 Naro
2028 1571 2115 1627 sive
2144 1570 2188 1611 di

239 1638 326 1680 San
347 1637 499 1695 Biagio
527 1637 700 1692 perinde
729 1637 956 1694 appellari,
984 1652 1080 1680 num
1110 1638 1295 1694 antiquis
1323 1637 1578 1693 temporibus
1599 1633 1690 1680 'non
1709 1638 1951 1691 exstiterit,
1990 1651 2043 1679 an
2070 1651 2188 1679 men-

235 1706 350 1747 tione
379 1706 531 1762 dignus
551 1719 636 1747 non
663 1706 776 1748 visus
804 1707 860 1748 sit
890 1703 1182 1761 scriptoribus,
1206 1703 1377 1748 dubium
1407 1715 1490 1749 est.
1545 1703 1711 1748 Bartels
1738 1704 1815 1749 111.
1843 1720 1885 1758 p.
1926 1707 2008 1747 403
2048 1698 2188 1745 natum

238 1787 335 1815 esse
361 1773 496 1815 credit
523 1787 547 1814 e
576 1772 709 1824 fossa,
735 1786 855 1828 quam
880 1773 1032 1828 castris
1059 1772 1412 1814 circumdederint
1439 1770 1914 1829 Romani-Agrigentum
1944 1784 2189 1827 oppugnan-

237 1850 319 1890 tes,
353 1853 517 1895 quaque
544 1837 732 1881 hibernis
760 1837 975 1881 mensibus
1005 1852 1111 1895 aqua
1150 1836 1385 1881 defluxerit.
1435 1838 1578 1890 Quam
1622 1841 1876 1882 sententiam
1915 1853 1998 1880 non
2036 1839 2188 1893 impro-

238 1905 310 1948 bat
337 1903 562 1959 Kephalid.
586 1920 629 1961 p.
655 1907 754 1949 293.

345 1971 461 2014 Inter
487 1971 593 2014 haec
620 1972 747 2029 igitur
770 1969 942 2014 flumina
969 1972 1052 2014 sita
1077 1979 1167 2012 erat
1194 1979 1311 2013 vetus
1337 1970 1703 2029 Agrigentinorum
1729 1969 1828 2014 urbs
1845 1972 1937 2024 ita,
1983 1981 2028 2014 ut
2055 1972 2189 2014 maior

234 2039 409 2095 quidem
435 2052 536 2094 pars
564 2048 691 2106 atque
715 2040 853 2093 potior
879 2046 995 2080 esset
1022 2039 1131 2080 inter
1157 2038 1396 2094 Acraganta
1421 2044 1467 2081 et
1493 2037 1663 2081 fluvium
1691 2037 1840 2081 Sancti
1865 2036 2021 2092 Blasii,
2058 2040 2187 2095 perti-

236 2114 384 2148 nerent
404 2114 545 2148 tamen
575 2107 684 2149 muri
712 2120 843 2162 usque
880 2106 936 2148 ad
971 2102 1174 2159 Hypsam·
1223 2103 1363 2160 Atque
1394 2120 1446 2148 ea
1483 2103 1712 2163 magnifica
1756 2107 1825 2148 sui
1854 2103 2027 2163 ‚reliquit
2060 2107 2187 2148 docu-

235 2180 382 2213 menta
410 2173 455 2212 in
482 2172 655 2227 longum
684 2173 816 2212 etiam
857 2180 1024 2224 tempus
1068 2172 1272 2212 duratura.
1327 2171 1593 2228 Quamquam
1634 2172 1747 2214 enim
1785 2171 2008 2228 aliquoties
2049 2172 2186 2215 diruta

232 2247 327 2290 est,
354 2251 433 2280 nec
462 2234 629 2293 templis
660 2238 829 2294 quidem
856 2239 973 2280 saevi
1001 2237 1175 2291 hostes,
1214 2239 1456 2292 praesertim
1482 2237 1877 2296 Carthaginienses,
1903 2249 2195 2293 pepercerunt,

232 2303 403 2360 templis
432 2313 581 2347 tamen
609 2319 719 2348 saxo
746 2305 977 2346 exstructis
1006 2317 1092 2346 non
1121 2312 1209 2346 tam
1236 2304 1420 2348 hostium
1443 2304 1609 2349 flamma
1635 2307 1804 2360 nocuit,
1843 2319 1965 2361 quam
1994 2305 2185 2348 saeculo·

229 2385 319 2413 rum
343 2373 479 2414 series
509 2373 729 2430 ipsiusque
756 2380 893 2414 terrae
920 2373 1080 2414 motuS.
1133 2369 1337 2429 Namque-
1357 2387 1453 2416 cum
1475 2387 1619 2428 mons,
1660 2375 1703 2417 in
1732 2387 1826 2432 quo·
1847 2372 1946 2416 urbs
1982 2374 2064 2416 sita
2103 2382 2183 2424 est,

230 2444 400 2483 constet
426 2454 451 2482 e
478 2439 731 2483 concharum
758 2440 1012 2481 marinarum
1050 2452 1179 2481 arena
1206 2440 1582 2498 conglutinatamm
1618 2440 1881 2494 colluvione,
1919 2442 2079 2485 factum
2115 2448 2183 2484 est

229 2506 299 2560 id,
326 2507 443 2571 quod·
466 2506 676 2550 Goethius
705 2505 943 2549 observavit
961 2506 1017 2559 ¹),
1058 2510 1104 2548 ut
1130 2503 1407 2560 templa'inde
1432 2514 1651 2552 exstructa
1680 2505 1795 2553 nulla
1820 2509 1860 2550 vi
1887 2508 2055 2561 hostili,
2092 2509 2184 2562 ipsa

236 2654 266 2701 ¹)
313 2653 358 2688 It.
387 2654 469 2689 Ital.
498 2656 604 2690 Tom.
632 2654 723 2690 ΧΠ.
750 2665 787 2700 p.
818 2654 873 2691 62.
895 2653 954 2692 ed.
979 2653 1142 2698 Tubing,
1170 2657 1267 2692 1808·
