2372 3040
982 747 1120 793 .De

353 931 356 933 Α
419 820 554 911 urbe
567 895 583 928 7
633 871 771 930 agro
805 862 966 929 atque
995 858 1227 912 moribus
1260 858 1762 930 Agrigentinorum.

124 1069 272 1162 Inter·
286 1109 529 1164 Pachynum
562 1119 605 1153 et
630 1109 878 1164 Lilybaeum
903 1112 1187 1164 promontoria
1207 1111 1237 1162 ¹)
1258 1111 1302 1152 in
1328 1110 1503 1152 australi
1529 1109 1702 1152 Siciliae
1724 1110 1847 1153 litore
1868 1113 1953 1154 sita
1966 1118 2058 1155 erat

123 1175 493 1235 Agrigentinorum
519 1175 631 1219 urbs.
688 1177 812 1229 Quae
844 1191 938 1221 oum
966 1192 993 1220 a
1014 1176 1189 1221 Graecis
1210 1177 1495 1219 nominaretur
1520 1176 1747 1231 ’Atridarum
1773 1176 1951 1220 Romani
1972 1192 2053 1221 sno

125 1255 280 1295 nomen
309 1245 371 1287 ori
400 1252 537 1297 aptum
574 1244 780 1285 facientes
819 1238 1014 1286 dixerunt
1047 1242 1346 1300 Agrigentum,
1366 1244 1405 1297 ²)
1451 1243 1558 1285 unde
1593 1245 1826 1286 recentiore
1864 1249 2055 1299 tempore

123 1315 266 1354 natum
286 1319 353 1352 est
380 1315 570 1353 nostrum
598 1307 715 1351 urbis
742 1324 895 1353 nomen
913 1309 1110 1367 Gir-genti
1136 1312 1224 1353 sive
1250 1308 1504 1353 variantibus
1528 1323 1647 1352 more
1671 1310 1903 1354 incolarum
1931 1326 2058 1355 voca-

126 1376 237 1420 libus
262 1377 472 1434 Gergenti
500 1391 550 1419 ao
574 1375 800 1433 Giorgenti
816 1377 865 1428 ³).
918 1370 1098 1424 Incolae*
1125 1375 1243 1430 urbis
1276 1376 1523 1419 dicebantur
1555 1376 1881 1432 Ἀκραγαντῖνοι,
1931 1380 2057 1437 Agri-

122 1445 286 1501 gentini
303 1445 351 1496 ⁴).
413 1441 578 1485 Nomen
606 1457 702 1485 vero
728 1442 831 1487 illud
857 1442 951 1487 urbi
977 1458 1004 1487 a
1027 1444 1154 1487 fluvio
1190 1445 1357 1486 moenia
1384 1444 1476 1486 eius
1518 1443 1836 1497 praeterfluente
1873 1447 2056 1490 inditum

123 1525 237 1563 esse,
262 1520 310 1554 ut
338 1511 607 1554 consentiunt
631 1509 815 1566 plerique
830 1512 890 1565 ⁵):
927 1513 985 1554 ita
1017 1526 1101 1554 non
1128 1511 1367 1564 defuerunt,
1394 1512 1469 1567 qui
1496 1510 1577 1553 boc
1603 1525 1770 1567 quoqne
1797 1526 1950 1555 nomen
1979 1528 2059 1556 ex-

122 1578 277 1633 plicare
305 1586 566 1621 conarentur.
626 1576 829 1632 Polybius
853 1580 971 1621 enim
999 1579 1110 1632 apud
1137 1577 1283 1633 Steph.
1305 1577 1407 1631 Byz.
1434 1577 1698 1633 Ἀκράγαντα
1715 1580 1747 1629 ⁶)
1782 1584 1957 1634 propter
1975 1582 2057 1624 soli

87 1645 381 1699 *fertilitatem
418 1649 463 1687 et
497 1642 668 1687 fluvium
705 1649 751 1687 et
793 1643 937 1687 urbem
976 1646 1191 1700 accepisse
1230 1658 1385 1687 nomen
1424 1644 1544 1699 (ἄκρα
1582 1644 1656 1698 γῆς
1692 1647 2060 1699 praestantissima

124 1718 253 1765 terra)
284 1713 510 1755 memoriae
537 1712 735 1767 prodidit.
774 1710 913 1768 Atque
943 1711 1115 1754 Siciliae
1139 1710 1334 1754 fertilitas
1363 1726 1459 1753 cum
1488 1713 1736 1766 saepissime
1747 1710 1945 1756 laudibus
1970 1714 2060 1757 ela·

123 1789 168 1822 ta
194 1782 250 1822 sit
269 1781 323 1830 ⁷)z
379 1780 607 1835 quominus
644 1778 724 1820 hoc
765 1792 932 1836 quoque
982 1778 1149 1821 nomine
1190 1776 1444 1820 celebratam
1480 1787 1688 1833 putemus,
1726 1777 1830 1820 nihil
1869 1780 2056 1834 impedit.

124 1846 214 1889 Soli
243 1849 355 1889 enim
386 1848 720 1889 circumiacentis
753 1850 871 1888 tanta
898 1844 1069 1887 ubertas
1097 1854 1178 1897 est,
1202 1850 1252 1887 ut
1280 1846 1455 1898 propriis
1483 1843 1630 1898 opibus
1663 1844 1899 1898 expleatur.
1953 1847 2060 1891 Pos-

129 1916 191 1956 sis
219 1923 362 1957 tamen
402 1914 527 1963 etiam
567 1914 632 1955 de'
659 1912 879 1955 altitudine
919 1913 1107 1968 regionis
1144 1913 1349 1969 cogitare.
1406 1911 1635 1953 Exstructa
1673 1913 1783 1953 enim
1831 1923 1921 1956 erat
1959 1913 2058 1957 urbs

129 2106 142 2128 ¹
207 2106 301 2141 Pom
329 2134 338 2143 .
365 2109 458 2147 Mel.
483 2110 534 2145 11.
596 2135 605 2143 .

127 2109 163 2225 ²}
207 2118 382 2213 plin-PH.
409 2179 456 2214 N.
482 2180 552 2215 111.
573 2116 610 2217 Ξ.
634 2182 690 2220 89.
734 2175 877 2212 Eodem
901 2174 1011 2211 modo
1033 2163 1171 2221 Τάρας
1192 2175 1230 2211 ὶιι
1259 2175 1456 2211 Tarentum
1482 2185 1503 2210 a
1528 2175 1673 2210 Latinis
1697 2175 1883 2213 detortum
1908 2188 1976 2216 est.

126 2243 160 2292 ³)
207 2243 356 2281 Cluver.
380 2246 486 2283 Sicil.
511 2254 585 2284 ant.
611 2247 732 2293 Lugd.
757 2246 839 2280 Bat.
869 2245 966 2288 1619.
989 2255 1027 2291 p.
1056 2252 1134 2281 202.

125 2313 161 2361 ⁴)
203 2312 337 2359 Steph.
365 2316 461 2362 Byz.
489 2304 767 2361 Ἀκρέγοιντεῆ
795 2314 942 2350 Cluver.
967 2314 993 2349 l.
1017 2314 1043 2349 l.

128 2382 161 2432 ⁵)
208 2381 324 2418 Thne.
350 2384 417 2420 v1.
441 2393 476 2426 4.
504 2384 622 2419 schol.
649 2379 761 2421 Pind.
786 2382 848 2419 01.
875 2382 925 2418 16.
952 2381 1083 2429 Steph.
1110 2382 1207 2429 Byz.
1232 2382 1258 2417 l.
1283 2382 1307 2417 l.
1333 2381 1451 2417 Duris
1474 2380 1571 2427 apud
1605 2380 1736 2427 steph.
1760 2382 1808 2418 ab
1840 2385 2062 2431 Acragante.

183 2433 316 2475 ‘Jovis
338 2447 449 2486 atque
474 2442 701 2486 Asteropes,
728 2439 867 2475 Oceani
892 2438 1015 2479 filiae,
1052 2438 1155 2480 filio,
1179 2440 1307 2475 urbem
1328 2438 1502 2476 habuisse
1524 2449 1657 2473 nomen
1679 2440 1893 2487 contendit,
1918 2444 2017 2487 qnod
2041 2457 2062 2480 e

205 2495 438 2533 sacerdotum
462 2496 598 2533 fabulis
620 2496 776 2543 petitum
796 2506 879 2531 esse
901 2502 1064 2542 apparet.

127 2551 160 2601 ⁶)
206 2550 253 2586 cf.
279 2551 411 2599 spicil.
436 2554 569 2601 reliqq.
589 2564 640 2590 ex
663 2553 748 2589 hist.
772 2552 912 2599 Polyb.
935 2552 1007 2597 IX,
1030 2560 1087 2597 27.
1111 2553 1156 2588 T.
1180 2552 1231 2590 V.
1254 2563 1290 2598 p.
1313 2559 1369 2598 37.
1393 2550 1610 2597 Schweigb.

128 2617 160 2669 7)
209 2619 256 2655 cs.
281 2631 374 2667 quos
395 2622 521 2660 laudat
543 2622 710 2660 Boeckb.
734 2621 849 2669 Expl.
878 2620 989 2659 ΡΜ.
1013 2632 1051 2669 p.
1073 2627 1147 2666 352.
