2419 3076
1150 205 1222 269 ³,-

198 373 258 413 ita
284 369 440 411 nostris
468 365 727 420 temporibus
755 378 845 412 tota
872 367 972 412 urbs
998 370 1078 413 hoc
1107 370 1265 413 tumulo
1293 370 1542 413 continetur.
1599 367 1694 409 Huc
1720 380 1804 422 quo
1832 374 2017 419 tempore
2040 366 2133 421 qui-

199 437 327 478 busve
355 432 594 476 auctoribus
617 433 783 477 incolae
809 438 1207 493 transmigraverint,
1236 450 1496 494 quamquam
1521 429 1719 487 scriptum
1754 446 1840 474 non
1877 433 2134 487 accepimus,

199 503 411 558 conjicere
433 509 583 543 tamen
609 499 710 544 licet
737 501 890 545 factum
917 517 1015 546 esse
1043 513 1147 557 tum,
1175 518 1308 561 quum
1337 503 1473 545 diruta
1501 499 1603 543 urbs
1630 502 1862 543 instaurata
1896 501 1965 541 est
1990 512 2018 540 a
2050 496 2134 539 Ro-

198 570 353 613 manis.
393 567 499 617 (546
528 581 567 608 a.
595 569 661 618 u.)
714 567 852 624 Atque
881 570 1085 612 hodierna
1117 572 1282 626 quidem
1312 569 1412 611 urbs
1451 577 1631 624 quatuor
1664 566 1859 608 milliaria
1891 564 2041 608 Italica
2069 565 2134 606 di-

201 640 320 691 stans
345 649 371 676 a
385 633 490 675 mari
501 632 546 685 ¹),
575 647 674 675 cum
699 633 795 677 loco
825 636 1063 680 editissimo
1086 640 1174 682 sita
1201 638 1270 691 sit,
1297 645 1341 679 et
1366 636 1592 690 purissimo
1616 640 1714 676 aere
1724 633 1885 687 fruitur,
1912 636 1974 684 et,
1999 631 2136 674 domi·

199 702 283 744 bus
311 700 406 742 aliis
433 701 564 752 super
583 699 688 742 alias
716 703 970 755 exstructis,
996 718 1173 761 peregre
1199 705 1437 746 advenienti
1463 699 1735 757 magnificum
1771 698 1946 753 praebet
1981 699 2135 753 adspe-

201 777 325 811 ctum.
352 766 410 809 At*
450 781 503 808 ea
529 780 598 815 res
624 768 798 810 intranti
823 783 994 822 prorsus
1021 770 1104 813 alia
1129 771 1305 813 videtur.
1351 770 1682 824 -Conspiciuntur
1705 769 1818 810 enim
1836 765 2034 808 sordidae
2059 766 2135 808 do—

202 847 323 888 mus,
361 834 452 875 viae
479 833 657 875 limosae
684 842 807 890 atque
835 844 1067 892 angustae,
1100 832 1294 879 bonfines
1330 837 1512 893 denique
1547 835 1737 878 ve‘terum
1765 833 2135 891 Agrigentinorum

199 895 394 943 nitorem‘
411 914 555 955 pamm
582 900 814 943 referentes
835 902 892 956 ²).
996 920 998 922 >
1777 931 1782 933 »
2101 931 2135 937 --

309 993 459 1036 Cincta
488 997 579 1036 erat
607 1002 725 1036 vetus
754 994 1126 1051 Agrigentinorum
1165 995 1266 1040 urbs
1299 996 1459 1039 duobus
1487 996 1647 1048 fluviis,
1690 995 1929 1051 Acragante
1967 1004 2011 1036 et
2044 994 2136 1049 'Hy-

199 1061 335 1117 psa³),
364 1061 545 1117 quorum
568 1059 717 1114 Polyb.
747 1062 918 1104 tradidit
947 1063 1185 1119 Acraganta
1212 1062 1394 1106 australe
1426 1062 1539 1108 latus
1561 1063 1703 1114 (νότιον
1728 1054 1923 1116 πλευράν)
1949 1070 2135 1115 praeter-

151 1161 154 1162 r
199 1127 354 1181 fluere,
399 1127 573 1168 alteram
623 1135 811 1182 partem,
865 1124 982 1185 qnae·
1001 1131 1268 1172 occidentem
1318 1129 1449 1172 solem
1486 1137 1694 1182 spectaret
1744 1127 1849 1182 (niv
1876 1128 1942 1169 ἐπὶ
1969 1128 2043 1174 ταῖς
2069 1128 2136 1169 δυ’-

201 1209 280 1240 σεις
306 1194 375 1235 aa?
398 1193 467 1235 τόν
495 1195 596 1244 λίβα
634 1196 922 1248 τετραμμένην)
953 1194 1104 1237 alluere
1141 1196 1329 1251 Hypsan.
1390 1197 1516 1247 Quae
1554 1194 1678 1236 verba
1716 1209 1800 1236 non
1838 1189 2008 1248 possum
2050 1210 2136 1238 nou

196 1262 383 1303 ’iudicare
405 1261 611 1314 corrupta.
659 1259 807 1316 Neque
836 1262 946 1303 enim
981 1265 1095 1316 νοτίῳ
1119 1251 1288 1317 ’τι-λἐυρςὶΔ
1314 1271 1427 1304 recte
1455 1263 1608 1315 opponi
1640 1269 1780 1315 potest
1815 1260 1841 1314 ἤ
1874 1260 1973 1316 τρεῖς
2009 1261 2139 1308 δύσεις

199 1331 474 1383 τετραμμένη,
525 1342 658 1383 neque
698 1329 892 1370 contrarii
913 1329 1028 1370 'inter
1054 1317 1101 1369 se
1127 1329 1235 1382 νότος
1260 1338 1303 1370 et
1325 1329 1429 1382 λίψ,
1464 1329 1659 1385 quoniam
1697 1337 1874 1383 utraque
1918 1341 2002 1369 vox
2041 1344 2138 1370 eum

199 1404 368 1438 ventum
395 1393 625 1453 significat,
651 1410 774 1451 quem
801 1396 941 1440 Latini
967 1395 1151 1438 Africum
1181 1397 1267 1438 sive
1290 1395 1486 1441 Austrum
1514 1396 1672 1437 dixere.
1709 1393 1776 1436 Ita
1802 1409 1895 1436 cum
1924 1402 2140 1450 appareat,

200 1461 389 1505 obscuris
418 1461 583 1517 Polyb'ii
610 1461 747 1504 verbis
768 1462 881 1516 [hanc
908 1477 995 1505 rem
1021 1476 1104 1504 non
1132 1461 1342 1515 illustrari,
1369 1463 1592 1505 videndum
1620 1470 1701 1516 est,
1729 1462 1825 1518 quid
1863 1463 2140 1505 iudicaverint

198 1532 454 1573 recentiores
480 1522 579 1572 VV.
603 1529 699 1572 DD.
730 1532 797 1587 qui
820 1531 862 1571 in
892 1529 1037 1572 Sicilia
1064 1530 1215 1572 itinera
1239 1529 1435 1571 fecerunt.
1480 1529 1841 1582 Ac-consentiunt
1864 1530 1953 1571 fere
1971 1545 2138 1584 omnes,

200 1597 504 1640 occidentalem
531 1596 647 1639 urbis
675 1606 834 1651 partem
864 1596 965 1640 allui
995 1612 1021 1639 a
1047 1596 1198 1649 fluvio,
1246 1598 1323 1651 qui
1355 1611 1465 1638 nunc
1505 1595 1558 1638 ab
1594 1596 1752 1638 accolis
1787 1605 1957 1638 vocetur
1993 1596 2139 1638 Fiume

198 1663 344 1719 Drago
373 1654 460 1705 sive
488 1663 629 1704 Fiume
658 1664 710 1704 de
739 1662 967 1719 Gergenti,
998 1661 1051 1704 ab
1080 1661 1271 1704 orientali
1312 1667 1453 1703 autem
1487 1671 1603 1716 parte
1640 1663 1692 1704 ad
1730 1660 1789 1703 Ill
1833 1662 1965 1704 ferme
2009 1662 2142 1705 millia

199 1744 397 1785 passuum
426 1744 523 1772 esse
551 1730 741 1784 alterum,
768 1744 890 1786 quem
916 1720 1137 1772 ‘nominent
1163 1728 1289 1772 hodie
1312 1728 1455 1771 Fiume
1484 1731 1527 1771 di
1553 1728 1667 1771 Naro
1684 1731 1736 1780 4).
1790 1727 1882 1771 Iam
1921 1730 1966 1771 in
1995 1730 2138 1772 medio

198 1799 309 1839 inter
332 1806 547 1853 utrumque
576 1797 829 1849 conspicitur
854 1795 1020 1852 rivulus,
1047 1797 1117 1851 qui
1144 1810 1259 1837 mare
1278 1797 1388 1837 inter
1414 1800 1459 1837 et
1483 1795 1642 1850 urbem*
1662 1810 1753 1836 cum
1790 1794 1965 1836 flumine
1996 1789 2141 1853 Drago

201 1864 447 1905 coniunctus
481 1864 627 1915 efficit,
655 1872 701 1905 ut
729 1855 972 1905 vetus'urbs
1000 1871 1193 1919 tanquam
1220 1863 1265 1904 in
1290 1862 1511 1918 peninsula
1537 1863 1618 1903 sita
1645 1863 1714 1904 sit.
1759 1862 1902 1913 Quem
1929 1861 2141 1920 Stolberg.

201 1931 365 1986 quidem
392 1946 430 1984 p.
456 1933 537 1972 468
564 1930 780 1973 Rucellum
809 1928 1009 1984 appellat,
1036 1929 1221 1985 plerique
1250 1934 1393 1971 tamen
1411 1928 1558 1984 Fiume
1586 1929 1629 1971 di
1651 1928 1739 1969 San
1755 1920 2141 1984 Biagionominari

200 1997 430 2052 perhibent.
483 1997 644 2040 Horum
667 1997 797 2052 igitur
818 1995 1034 2039 fluminum
1056 1997 1252 2054 quisnam
1283 1996 1406 2038 fuerit
1432 1995 1637 2052 Acragas,
1663 1997 1933 2050 disceptatur.
1974 1995 2140 2042 Cluver.

203 2067 369 2122 quidem
397 2064 616 2120 Polybium
646 2071 815 2106 secutus
840 2063 942 2106 dicit
970 2078 1082 2118 cum,
1109 2065 1182 2121 qui
1199 2076 1310 2106 nunc
1336 2067 1505 2106 vocetur
1524 2061 1654 2116 Naro,
1679 2061 1930 2114 Mauuertun
1957 2065 2138 2123 (Geogr.

206 2188 526 2211 ,—

291 2249 403 2284 Creta
426 2250 477 2284 11.
505 2261 540 2294 p.
566 2258 632 2294 374
656 2257 693 2285 et
717 2255 797 2293 381,
817 2250 881 2294 qui
907 2260 1002 2284 anno
1022 2242 1165 2284 MCGC
1188 2249 1323 2285 acar.
1349 2250 1476 2284 saetam
1504 2260 1587 2284 esse
1608 2235 1729 2284 docet.
1777 2228 2020 2286 Exstantsub*
2045 2258 2144 2287 terra

203 2307 208 2337 ἱ
289 2304 410 2341 adhuc
436 2305 605 2350 ingentes
631 2307 749 2342 cellae
771 2312 955 2342 arcuatae.

211 2377 244 2424 ¹)
289 2376 480 2423 Brydone.
506 2378 532 2412 1.
558 2379 583 2412 l.
609 2381 645 2423 p.
672 2387 705 2423 4.
730 2378 874 2413 Seume.
899 2377 925 2411 l.
946 2377 975 2412 1.
999 2387 1035 2421 p.
1059 2377 1136 2411 261.

210 2445 244 2495 ²)
293 2445 450 2481 Bartels.
487 2446 555 2483 111.
589 2458 626 2493 p.
651 2454 730 2491 340,
757 2446 835 2490 366,
858 2448 936 2489 378.
982 2439 1212 2489 Kephalides
1249 2445 1341 2483 §Re-:te
1364 2444 1458 2486 hurd)
1481 2445 1574 2486 Stat.
1598 2454 1631 2481 u.
1658 2446 1760 2482 &itit
1785 2445 1815 2479 1.
1840 2458 1877 2491 p.
1903 2454 1979 2490 270.
2027 2447 2145 2482 Paulo

292 2502 402 2536 aliter
427 2503 586 2537 Goethe.
614 2504 658 2537 T.
684 2503 863 2537 xxvnl.
891 2514 926 2547 p.
957 2502 1032 2543 161..
1054 2501 1113 2534 ed.
1140 2501 1277 2546 Stuttg.
1301 2507 1338 2535 et
1363 2503 1459 2536 Tub.
1489 2505 1587 2539 1828.

210 2571 244 2621 ³)
290 2573 429 2619 Pom.
455 2574 524 2610 lx,
552 2583 609 2618 27.
632 2575 792 2610 wessel.
817 2574 863 2609 ad
893 2561 1004 2609 mod.
1029 2572 1137 2607 xm.
1162 2573 1207 2608 T.
1233 2573 1282 2609 v.
1313 2584 1348 2619 p.
1374 2573 1452 2609 612.

210 2643 244 2692 ⁴)
287 2644 434 2679 Clu‘ver.
460 2656 495 2690 p.
521 2653 601 2690 204.
649 2644 836 2689 stol-berg.
862 2644 933 2684 111.
958 2654 994 2688 p.
1021 2642 1098 2686 467.
1142 2643 1304 2683 Bai-tels.
1326 2643 1395 2679 111.
1422 2655 1456 2689 p.
1484 2651 1562 2688 403.
1608 2643 1808 2688 Kephalid.
1831 2644 1863 2682 1.
1885 2655 1919 2689 p.
1947 2652 2023 2687 291.
2047 2655 2101 2688 sq.
