2388 3095
1159 210 1193 260 5

200 370 459 421 tempestatis
480 369 974 417 iniuria‘eollaberentur.
1026 377 1167 420 Hodie
1203 392 1299 421 vero
1329 379 1469 420 ruinas
1502 379 1673 431 segetes
1701 372 1920 424 vinetaque
1946 365 2140 409 obduxe-

98 465 103 470 .
144 427 147 430 ’
182 443 291 492 ιιυιιι
317 434 563 478 laetissima.
621 434 761 479 Unum
789 441 915 482 modo
932 442 1137 497 templum
1163 445 1368 500 integrum
1398 447 1605 492 servatum
1631 439 1715 490 est,
1737 434 1851 493 quod
1878 433 2141 476 Conwrdfite

200 501 336 543 fuisse
366 502 520 545 dieitur
545 505 706 546 ratione
744 505 857 549 nulla
895 509 1050 553 idonea
1071 512 1117 564 ¹).
1148 510 1292 566 ‘Quod
1335 526 1427 553 eum
1466 512 1511 552 in
1550 508 1646 551 Divi
1684 503 1906 561 Gregorii,
1952 500 2140 555 ‘Pimpi

199 568 298 611 olim
326 568 620 625 Agrigentini,
660 572 810 617 aedem
838 585 1084 619 conversum
1112 579 1192 631 sit,
1219 577 1334 621 nulla
1361 573 1558 635 prolapsa
1583 573 1776 618 columna
1802 572 2037 627 integrum,
2064 579 2142 608 ΒΧ·

196 644 315 688 cepto
354 645 493 678 tamen
533 645 673 690 tecto,
714 640 767 681 ad
805 644 951 684 nostra
976 657 1104 699 usque
1144 653 1335 701 tempora
1361 654 1515 688 exstat.
1580 643 1651 686 Ex
1686 639 1959 694 inscriptione
1987 633 2047 676 ibi
2074 647 2138 675 re-

195 710 315 757 perta
332 703 381 754 ²)'
404 701 688 760 collegerunt.
730 708 1062 752 essesumtibns
1096 700 1459 767 Libbaetanomnn
1488 718 1767 759 exstructum,
1805 704 1919 748 hello
1946 700 2145 744 videlieet

198 767 495 823 superatorum.
561 771 620 813 At
644 773 957 828 inscriptionem
982 775 1210 820 Romanam
1237 777 1340 822 nihil
1367 778 1544 835 probare
1574 778 1627 819 de
1653 773 1824 829 templo,
1850 772 1966 828 quod
1993 769 2141 813 condi-

196 845 286 877 tum
314 836 688 892 sit-temporibus,
727 837 879 896 quibus
914 844 1064 897 parvae
1090 843 1249 887 Rn'mae
1287 859 1440 887 nomen
1479 839 1700 901 Agrigenti
1728 842 1802 883 vix
1829 847 1976 882 notum
1995 837 2145 899 1805*ae

176 907 310 944 ‚recte
339 901 582 946 observavit
609 903 819 962 stolbefg.
847 906 921 950 111.
935 923 973 962 p.
992 909 1088 952 460.
1127 909 1276 954 Restat
1302 913 1426 953 etiam
1454 909 1701 963 sepulcrum,
1732 907 1843 963 quod
1870 906 2015 948 dieunt
2031 902 2148 946 ‘rhe-

199 970 331 1019 ronis,
363 972 527 1023 tyranni
557 972 838 1028 Agrigentini,
867 976 919 1016 de
945 969 1067 1017 coelo
1095 982 1270 1032 tactum,
1296 993 1389 1020 cum
1415 976 1517 1019 urbs
1551 973 1873 1032 oppugnabatur
1909 986 1934 1013 a
1972 969 2148 1012 Cartha—

197 1034 462 1091 giniensibus
484 1037 539 1092 ³),
593 1036 702 1080 Hoce
717 1053 813 1082 num
843 1043 899 1084 sit
926 1054 1063 1085 terum
1090 1041 1299 1087 Theronis
1328 1044 1571 1099 sepulcrum,
1598 1056 1761 1096 necne,
1791 1037 2003 1083 dubitatur
2030 1051 2055 1078 a
2082 1050 2147 1078 re-

196 1102 450 1146 centioribus
467 1103 756 1161 scriptoribus,
784 1112 836 1152 et
856 1110 952 1165 quia
978 1109 1138 1153 nullum
1166 1110 1353 1154 fulminis
1381 1112 1604 1168 vestigium
1631 1109 1836 1163 relictum,
1860 1115 1905 1150 et
1930 1106 2046 1163 quod
2068 1102 2138 1146 lo'-

197 1171 303 1212 niois
335 1169 755 1215 columnis‘ornatum
781 1171 909 1227 sit'⁴).
950 1167 1058 1219 Ha&
1092 1178 1184 1231 ipsa
1219 1190 1264 1220 re
1291 1178 1492 1220 refellitur
1516 1180 1558 1220 id
1589 1191 1776 1234 quoque,
1813 1174 1927 1231 quod
1956 1169 2146 1215 nonnulli

198 1236 433 1290 voluerunt,
462 1253 560 1280 esse
588 1247 899 1282 monumentum
935 1244 977 1283 in
1007 1242 1204 1285 honorem
1233 1243 1468 1286 Phalaridei
1493 1245 1713 1286 cuiusdam
1741 1243 1837 1296 equi
1865 1246 2146 1287 exstructum,

199 1307 336 1348 (erant
357 1304 521 1360 quidem
549 1304 774 1363 Agrigenti
808 1306 950 1362 plures
982 1323 1182 1366 equorum
1211 1309 1379 1362 tumuli)
1404 1311 1477 1353 sed
1508 1309 1648 1353 obstat
1675 1307 1740 1352 vel
1771 1309 1841 1362 id,
1879 1305 1992 1364 quod
2020 1304 2147 1361 Agri·

196 1372 380 1426 gentinis
408 1371 573 1414 deiecta
600 1371 833 1431 Phalaridis
876 1375 1096 1428 tyrannide
1125 1385 1441 1420 monumentum
1478 1377 1735 1431 perosissimi
1779 1375 1946 1430 tyranni
1983 1383 2146 1414 memo—

193 1438 294 1479 riam
321 1451 522 1480 revocans
549 1453 741 1482 servasse
768 1441 1160 1495 parum‚ve1·isimile
1188 1449 1267 1486 est.

308 1515 427 1560 Inter
452 1518 647 1575 ingentes
677 1529 815 1562 autem
837 1522 990 1564 veteris
1017 1520 1131 1565 urbis
1153 1524 1295 1567 ruinas
1322 1524 1499 1581 primum
1532 1524 1775 1577 respicimus
1807 1520 1989 1576 Olympii
2026 1519 2143 1562 Jovis

198 1583 416 1639 templum,
445 1586 675 1628 maximum
703 1585 809 1629 illud
838 1591 1019 1631 omnium
1052 1585 1352 1645 siciliensium,
1377 1599 1420 1632 et
1446 1605 1656 1647 nunquam
1678 1590 1778 1633 licet
1796 1589 2047 1643 perfectum,
2074 1586 2142 1629 vel

194 1653 255 1695 sic
285 1652 563 1695 admiratione
604 1653 896 1710 dignissimum
912 1657 960 1708 ⁵).
1014 1655 1301 1715 Longitudine
1337 1656 1529 1706 CCCXL
1566 1658 1723 1714 pedum
1759 1665 1995 1710 porrectum
2034 1662 2141 1706 erat,

193 1719 244 1762 ad
274 1719 361 1762 Lx
390 1719 477 1770 (vel
496 1719 625 1768 CLX
652 1723 884 1764 secundum
914 1722 1039 1775 alios)
1074 1724 1337 1777 latitudinem
1374 1724 1571 1779 patebat,
1599 1725 1651 1767 ad
1690 1723 1821 1766 CXX
1859 1722 2141 1776 altitudinem,

196 1787 636 1830 fundamento-tamen
664 1798 876 1845 excepto,
916 1789 1085 1834 elatum.
1138 1790 1187 1835 In
1217 1792 1410 1835 orientali
1442 1793 1672 1846 porticuum
1713 1800 1831 1847 parte
1862 1790 2139 1852 Gigantoma-

192 1854 286 1898 chia
324 1864 438 1910 erat,
476 1846 689 1899 caelatura
723 1865 768 1899 et
791 1856 1007 1914 elegantia
1033 1859 1277 1914 excellens,
1312 1861 1356 1902 in
1382 1858 1635 1902 occidentali
1672 1857 1827 1902 Troiae
1868 1857 2136 1922 expugnatio

191 1928 310 1965 tanta
336 1927 427 1980 arte
454 1922 613 1976 efficta,
641 1932 687 1965 ut
714 1924 887 1966 heroum
914 1928 1216 1984 unusquisqne
1232 1928 1285 1969 ad
1311 1921 1476 1969 habitus
1505 1927 1568 1968 sui
1596 1926 1769 1968 fomlam
1806 1935 1923 1968 esset
1939 1921 2142 1966 'elabora-

190 2000 270 2033 tus.
327 1990 587 2047 Quamquam
616 1992 745 2047 igitur
770 1991 851 2034 hoc
880 1992 1079 2048 templum
1117 2003 1206 2037 erat
1242 1995 1426 2051 ingentis
1463 2008 1596 2049 neque
1634 1993 1960 2050 magnitudinis,
1998 2005 2137 2047 neque

191 2056 435 2111 altitudinis,
462 2071 553 2101 eum
583 2071 609 2099 a
636 2055 849 2115 plerisque
876 2062 1031 2103 nostris
1060 2059 1234 2104 aedibus
1260 2062 1391 2104 sacris
1419 2069 1652 2115 superetur,
1695 2065 1787 2103 etat
1812 2069 1980 2114 tamen,
2019 2058 2134 2114 quod

196 2272 228 2323 ¹)
273 2270 388 2305 Teste
411 2270 598 2306 Muellero
622 2266 758 2317 ῷαιιδῧ.
780 2274 814 2308 δ.
837 2270 983 2321 κτώᾰοῐ.
1010 2283 1046 2317 p.
1072 2281 1127 2316 57.

193 2341 228 2394 ²)
272 2350 366 2385 quae
390 2345 449 2381 est
470 2340 569 2387 apud
591 2340 748 2377 Bartels.
774 2337 845 2377 111.
870 2352 907 2388 p.
931 2345 1009 2387 428.

192 2412 225 2459 ³)
269 2409 385 2445 Diod.
413 2410 489 2447 Sic.
512 2412 622 2447 XIII.
646 2412 701 2450 86.
1065 2409 1068 2411 ⁵

190 2480 226 2529 ⁴)
271 2466 456 2526 Stolbjp.
490 2482 568 2523 461.
593 2482 726 2518 Mnell.
749 2482 861 2534 arch.
901 2492 937 2526 p.
963 2485 1018 2520 88.
1064 2482 1148 2516 Non
1183 2481 1350 2518 dubitant
1385 2462 1555 2530 B‘rydon.
1580 2484 1719 2519 Goetli.
1760 2484 1950 2527 Pernegnt
1972 2481 2130 2516 Bartels.

268 2535 340 2571 111.
392 2564 401 2575 .
455 2548 471 2574 1
498 2562 508 2573 .
1025 2546 1028 2548 ·

191 2601 225 2653 ⁵)
271 2547 411 2651 Polylli.
428 2546 510 2651 {gg
530 2615 587 2651 27.
612 2615 645 2652 7.
687 2606 803 2642 Diod.
830 2607 906 2643 Sic.
930 2606 1041 2642 XIII.
1065 2609 1119 2644 82·
1156 2606 1213 2640 Cf.
1246 2618 1338 2652 quos
1365 2608 1515 2661 laudant
1538 2610 1669 2646 Muell.
1700 2609 1813 2647 Arch.
1840 2620 1877 2655 p.
1900 2612 1955 2652 87.
1983 2615 2021 2643 et
2043 2608 2136 2643 Her-

271 2674 390 2702 mann.
435 2664 563 2707 Θείεώ.
588 2664 860 2709 εῐααῐῦαῐῐετεο.
884 2673 921 2709 p.
950 2664 1026 2703 160.
