2390 3085
1121 202 1156 249 7

164 370 340 414 lunonis
368 367 569 420 Lucinae,
595 370 713 410 cuius
742 368 1038 422 pulcherrimae
1064 373 1196 415 adhuc
1227 378 1397 413 exstant
1425 370 1570 411 ruinae
1597 372 1651 420 ¹),
1691 379 1734 411 at
1763 367 1956 411 Mueller.
1982 366 2106 409 Arch.

166 454 206 493 p.
233 441 288 480 57
314 436 392 477 hoc
421 446 584 491 quoque
613 449 763 476 nomeu
792 445 946 479 temere
973 440 1148 481 inditum
1189 453 1285 480 esse
1333 438 1560 479 contendit.
1618 437 1680 478 Ea
1722 450 1886 492 quoque
1927 434 2109 489 insignis

165 508 258 546 erat
284 501 426 545 tabula
452 501 674 555 zeuxidis,
703 507 830 557 quam
855 518 954 545 cunr
977 505 1159 548 facturus
1186 515 1315 556 esset,
1344 506 1582 557 inspexisse
1601 504 1754 545 dicitur
1781 503 1966 558 virgines
1988 501 2112 556 Agri-

167 571 447 626 gentinorum,
476 577 521 608 nt
547 569 668 623 quod·
694 569 737 609 in
767 583 930 624 quaque
957 570 1289 613 laudatissimum
1318 580 1447 621 esset,
1479 572 1638 623 pictura
1664 570 1861 611 redderet
1879 570 1926 618 ²).
1983 566 2108 616 Quae

166 649 234 677 res
261 643 310 677 ut
335 649 410 687 per
432 647 480 675 se
505 639 574 675 est
601 649 743 686 parum
766 635 918 676 similis
946 639 1057 689 veri,
1095 639 1299 694 siquidem
1326 638 1439 679 cadit
1465 638 1509 677 in
1546 637 1647 678 artis
1676 638 1820 677 rudem
1848 634 2112 692 atque-tiro·

168 715 261 744 nem
280 701 446 761 potius,
473 714 603 761 mlum
631 702 674 742 in
704 715 813 754 eum,
843 704 912 759 qui
944 708 1000 746 ex
1027 705 1211 758 perfecta
1237 704 1413 761 quadam
1438 703 1578 755 specie
1604 704 1746 757 animo
1761 709 1969 757 concepta
1987 698 2115 742 simu·

167 769 329 810 lacrum
350 766 492 823 fingit,
521 768 766 809 ita⁴nullam
792 768 919 811 fidem
948 771 1088 825 habet,
1118 772 1227 827 quod
1258 772 1408 811 eadem
1439 779 1657 810 narrantur
1693 771 1747 811 de
1787 768 2112 814 crotoniatw).

166 833 346 876 Restant
373 839 593 886 praeterea
621 835 762 876 ruinae
790 836 977 877 fanorum
1007 837 1198 885 Veneris,
1230 837 1422 888 Vulcani,
1451 836 1741 889 Proserpinae,
1771 836 1962 877 Castoris
1990 843 2115 888 atque

166 899 366 955 Pollucis,
393 898 637 953 Aesculapii
658 902 851 958 denique,
880 904 1025 956 partim
1039 904 1163 957 intra,
1194 905 1342 958 partim
1370 912 1491 945 extra
1517 904 1656 944 muros
1681 901 1990 959 Agrigentinos
2016 900 2114 943 sita.

170 968 315 1022 Atque
337 968 380 1007 in
406 966 645 1020 Aesculapii
674 970 840 1023 quidem
867 970 1047 1026 templo,
1086 972 1203 1010 cuius
1239 971 1388 1010 rudera
1427 970 1646 1009 admodum
1675 967 1807 1009 dubia
1840 970 1950 1009 inter
1973 966 2118 1022 sepul-

169 1049 241 1076 cra
268 1048 341 1086 pro
371 1032 591 1075 moenibus
609 1037 644 1085 ⁴)
675 1045 974 1090 monstrant-ur,
1004 1038 1168 1093 signum
1197 1043 1288 1079 erat
1313 1035 1525 1089 Apollinis
1554 1035 1896 1088 pulcherrimum,
1920 1035 2050 1084 ,euius
2073 1034 2117 1075 in

169 1100 326 1142 femine
355 1113 505 1142 nomen
533 1098 724 1154 Myronis
759 1110 848 1144 erat
887 1103 1161 1158 inscriptum,
1204 1111 1247 1146 et
1289 1105 1422 1157 ipsum
1459 1101 1715 1158 Carthagine
1753 1100 2048 1157 Agrigentinis
2088 1114 2116 1141 a

170 1167 368 1221 Scipione
396 1168 633 1208 restitutum
652 1198 666 1219 ,
695 1167 901 1211 sublatum
930 1184 962 1211 ε
985 1169 1127 1212 vem.

289 1232 373 1274 Sed
406 1240 627 1285 supersunt
651 1234 734 1276 alia
760 1237 884 1276 etiam
914 1229 1171 1291 antiquorum
1201 1235 1564 1292 Agrigentinorum
1593 1233 1836 1289 opulentiae
1873 1247 2117 1277 monumen—

170 1306 226 1342 ta.
283 1298 704 1356 Carthaginiensibus
735 1316 761 1343 a
785 1301 948 1343 Gelone
978 1311 1108 1358 atque
1134 1301 1330 1357 Therone
1371 1303 1516 1355 victis,
1556 1316 1683 1357 quum
1725 1304 1981 1356 captivorum
2021 1315 2114 1343 ma-

171 1380 282 1422 gnus
311 1380 515 1408 numerus
543 1369 756 1409 evenisset
782 1361 1032 1421 victoribus,
1059 1370 1299 1423 praesertim
1325 1368 1635 1425 Agrigentinis,
1661 1373 1817 1423 utpote
1849 1370 1893 1410 in
1933 1381 2115 1424 quorum

171 1432 327 1476 finibus
355 1433 540 1489 plerique
567 1443 706 1475 comm
724 1466 737 1487 ,
778 1437 848 1490 qui
872 1437 1044 1477 caedem
1077 1437 1333 1492 effugerant,
1373 1446 1519 1478 essent
1555 1438 1795 1490 intercepti:
1843 1434 2116 1491 Agrigentini

173 1514 315 1543 eorum
343 1501 514 1542 servitio
545 1501 613 1542 usi
643 1506 743 1542 sunt
768 1501 825 1543 ad
846 1503 1186 1545 communiendos
1223 1502 1394 1545 cloacas
1428 1501 1749 1556 subterraneas,
1785 1499 1940 1557 quibus
1978 1514 2115 1557 aquae

172 1582 228 1609 ex
252 1566 354 1609 urbe
384 1568 710 1620 deducerentur,
733 1569 1023 1624 magnitudine
1051 1556 1256 1625 insignes.
1307 1569 1497 1625 Plerique
1525 1572 1634 1611 enim
1669 1571 1868 1625 canales,
1905 1583 2009 1623 rupe
2038 1583 2118 1610 ex-

169 1635 263 1688 cisi,
292 1643 379 1676 tam
405 1633 478 1676 alti
507 1643 639 1686 erant,
666 1643 711 1676 ut
740 1636 800 1676 tir
826 1649 1041 1689 permeare
1070 1645 1229 1692 posset.
1273 1635 1351 1681 Cui
1378 1638 1491 1690 operi
1519 1651 1647 1692 quum
1667 1637 1917 1691 praefuisset
1939 1634 2116 1677 Phaeax

170 1699 336 1755 quidam
365 1715 648 1756 magnamque<
670 1716 723 1743 ea
752 1716 796 1742 re
821 1698 997 1756 gratiam
1026 1703 1131 1754 apud
1163 1705 1276 1744 cives
1305 1704 1492 1756 iniisset,
1535 1703 1691 1744 facturn
1728 1713 1822 1760 est,
1868 1711 1914 1744 ut
1938 1703 1984 1743 in
2021 1703 2114 1743 eius

169 1766 370 1809 honorem
398 1766 571 1810 canales
609 1766 871 1810 subterranei
910 1769 1224 1811 nominarentur
1248 1767 1467 1810 Phaeaces
1480 1770 1526 1818 ⁵).
1547 1774 1558 1784 ⁰
1579 1769 1766 1820 Quorum
1801 1769 1986 1825 vestigia
2022 1767 2114 1813 nni-

168 1835 426 1876 madvertere
454 1833 538 1876 sibi
571 1836 651 1876 visi
696 1843 793 1877 sunt
822 1843 866 1876 et
901 1833 1110 1891 Stolberg.
1139 1844 1183 1877 et
1209 1834 1384 1877 Bartels.
1412 1834 1486 1877 111.
1530 1851 1569 1889 p.
1603 1838 1698 1878 412.
1753 1835 1921 1891 Deinde
1962 1835 2114 1888 captivi

170 1900 243 1942 isti
268 1901 322 1943 ad
349 1900 595 1943 fodiendum
624 1900 763 1943 lacum
792 1899 1087 1944 extra-urbem
1126 1903 1262 1944 coacti
1304 1912 1426 1956 sunt,
1467 1901 1624 1944 ambitu
1663 1895 1827 1967 septem
1868 1893 2117 1950 stadiorum}

171 1968 457 2020 profunditate
487 1966 720 2010 cubitorum
751 1967 858 2011 XX.
911 1967 960 2010 In
991 1983 1110 2024 quem
1150 1984 1244 2011 cum
1283 1976 1328 2012 et
1363 1969 1508 2011 fluvios
1549 1978 1592 2011 et
1626 1970 1766 2012 fontes
1805 1969 2119 2022 perduxissent,

169 2036 373 2090 piscinam
401 2034 630 2077 effecerunt
658 2045 701 2078 et
725 2035 994 2078 utilissimam
1024 2047 1068 2079 et
1095 2038 1438 2079 iucundissimam
1476 2037 1704 2089 adspectu,
1747 2051 1844 2078 cum
1872 2037 2000 2078 etiam
2041 2049 2117 2089 cy-

169 2115 360 2171 gnorum⁸
373 2100 630 2159 aliarumque
658 2104 794 2145 avium
821 2104 976 2160 ingens
1000 2103 1215 2147 multitudo
1237 2104 1382 2147 sedem
1409 2104 1452 2145 in
1482 2117 1535 2145 ea
1571 2113 1818 2159 quaererent
1835 2105 1883 2156 ⁶).
1910 2101 1997 2145 Sed
2040 2116 2113 2156 po-

176 2303 209 2353 ¹)
253 2303 454 2350 Kephalid.
479 2317 515 2352 p.
538 2304 617 2350 276.
665 2305 855 2351 Stolberg.
880 2306 950 2343 111„
975 2317 1012 2352 p.
1041 2315 1107 2351 459
1138 2316 1218 2351 sqq.

174 2373 211 2423 ²)
254 2375 354 2410 Ptin.
379 2375 404 2411 l.
428 2376 454 2410 l.

172 2445 207 2492 ³)
254 2443 393 2479 Cic.de
422 2444 503 2479 1nv.
529 2444 579 2479 11.
606 2455 640 2480 1.

171 2515 207 2561 ⁴)
239 2512 393 2558 Polyb.
416 2513 447 2547 1.
476 2517 530 2551 ιε.
575 2514 736 2548 Bai-tels.
757 2514 825 2548 111.
850 2524 887 2558 p.
903 2523 982 2558 420.

173 2580 217 2632 ⁵)
256 2579 371 2617 mod,
396 2579 475 2617 Sic.
499 2581 570 2617 xm
594 2590 649 2624 25.
794 2622 796 2629 ,
826 2607 828 2609 ψ
992 2565 1000 2570 ’

174 2652 207 2699 ⁶)
253 2649 368 2686 Diod.
390 2651 460 2685 xl.
484 2659 540 2693 25.
562 2651 673 2685 xm.
697 2655 752 2689 82.
781 2651 917 2694 Athen,
944 2651 1034 2685 XII.
1063 2660 1098 2694 p.
1121 2658 1197 2693 541.
1223 2651 1266 2685 F.
