2375 3085
1234 202 1267 251 8

280 377 455 418 steriore
488 380 673 427 tempore
698 370 893 426 neglecta
917 384 1008 411 cum
1036 369 1215 413 Diodori
1241 372 1325 413 iam
1355 379 1493 413 aetate
1517 369 1619 413 limo
1652 370 1823 426 expleta
1841 380 1971 425 esset,
2000 371 2140 424 hodie,
2169 373 2240 416 ubi

273 443 415 493 fuerit,
442 454 579 496 paene
608 441 833 495 ignoratur.
1862 499 1866 502 η

385 522 491 565 Inde
521 520 576 563 ab
605 519 777 561 australi
803 516 918 559 urbis
946 532 1062 561 muro
1090 532 1223 574 usque
1250 519 1304 560 ad
1332 532 1448 560 mare
1472 519 1696 575 porrigitur
1738 517 1937 574 planitia,
1977 520 2021 560 in
2061 534 2140 576 qua
2169 535 2240 561 ca·

285 599 372 631 stra
419 592 464 631 et
506 585 917 643 Carthaginiensium
958 593 1001 626 et
1037 582 1320 627 Romanorum
1369 586 1540 628 moenia
1575 577 1902 642 oppugnantium
1934 587 2073 639 posita
2106 596 2242 638 erant,

275 670 395 712 quae
442 655 542 698 ideo
582 653 717 696 adhuc
759 653 891 705 campi
930 650 1111 703 ‘Romani
1152 651 1291 693 servat
1326 666 1492 695 nomen.
1546 653 1615 695 Ad
1651 652 1903 710 Acragantis
1934 652 2047 695 fluvii
2084 654 2235 696 ostium

285 722 470 778 ἐμπόριον
494 720 868 777 Agrigentinorum
894 727 986 760 erat
1007 718 1054 769 ¹),
1082 718 1197 774 quod
1225 717 1447 761 Strabonis
1473 726 1664 775 tempore
1687 719 1838 762 incolis
1863 719 2089 776 frequens,
2123 734 2232 763 nunc

273 803 438 848 quoque
473 787 652 832 navibus
677 787 939 830 mercatoriis
968 787 1096 829 statio
1124 794 1206 840 est,
1237 787 1320 829 etsi
1356 800 1441 829 non
1483 786 1707 830 admodum
1734 795 1838 831 tuta.
1889 785 2013 830 Circa
2046 786 2148 831 litus
2186 796 2233 830 ut

283 858 547 911 antiquarum
581 855 1126 908 porticuum-saxorumque
1157 854 1450 907 quadratorum
1478 854 1660 909 vestigia
1684 853 1833 904 relicta
1869 862 2048 897 testatur
2087 853 2122 895 F
2122 853 2233 897 azel·

286 924 351 967 lus
378 923 411 966 1.
439 921 513 966 Vl.
550 926 604 966 l:
631 923 693 964 ita
718 921 845 964 hodie
874 934 1037 976 quoque
1065 918 1223 962 multae
1250 921 1638 966 concamerationes
1663 918 1959 964 subterraneae
1995 929 2236 965 exstructae

276 999 372 1032 sunt
400 990 455 1031 ad
487 989 782 1034 asservandum
808 987 1074 1038 frumentum,
1103 988 1220 1029 cuius
1247 1000 1405 1043 magna
1417 989 1537 1040 copia
1564 988 1664 1029 inde
1688 989 1983 1040 exportatur-²).
2024 987 2139 1031 Tuto
2157 1002 2230 1030 au-

284 1067 371 1099 tem
401 1047 525 1110 portu
553 1069 647 1097 curn
678 1062 870 1096 carerent
897 1052 1181 1110 Agrigentini,
1210 1055 1407 1109 quoniam
1436 1068 1573 1111 neque
1602 1054 1792 1110 Acragas
1819 1069 1957 1111 neque
1977 1054 2152 1111 Hypsas
2177 1059 2230 1099 ad

272 1123 609 1167 constituendum
638 1130 802 1177 portum
826 1121 977 1162 idonei⁴
1015 1126 1150 1173 erant,
1177 1119 1390 1163 classibus
1418 1135 1627 1177 nunquam
1664 1120 1895 1164 xva-tuemur.
1933 1144 1986 1154 -
2029 1118 2157 1165 Porro
2184 1125 2228 1165 in

271 1191 647 1248 Agrigentinorum
679 1202 783 1245 agro
811 1201 880 1230 res
915 1186 1139 1232 nonnullas
1164 1186 1460 1231 memorabiles
1502 1193 1627 1246 atque
1662 1189 1789 1231 miras
1822 1188 1954 1231 fuisse
1991 1191 2229 1246 accepimus

270 1257 328 1299 ab
360 1257 546 1313 antiquis
589 1253 868 1310 scriptoribus
944 1253 1059 1296 Inter
1098 1268 1204 1310 quas
1242 1256 1424 1307 primum
1460 1254 1586 1296 facile
1637 1254 1779 1297 locum
1817 1254 1981 1298 obtinet
2013 1255 2227 1299 bituminis

278 1325 491 1381 quoddam
520 1336 675 1378 genus,
704 1323 821 1378 quod
854 1320 1040 1363 Siculum
1078 1321 1218 1364 oleum
1244 1336 1319 1375 per
1347 1336 1527 1364 errorem
1555 1324 1884 1376 nominaverunt,
1910 1321 2096 1365 sontibus
2130 1325 2231 1366 duo-

275 1391 352 1435 bus
382 1392 428 1433 in
458 1390 609 1434 dextra
637 1388 893 1446 Acragantis
923 1389 1012 1441 ripa
1039 1389 1238 1431 innatans
1266 1389 1591 1444 arundinumque
1610 1389 1742 1431 comis
1770 1388 2093 1432 adhaerescens.
2130 1390 2227 1442 Quo

276 1468 320 1500 et
351 1459 406 1499 ad
434 1457 699 1499 lucernarum
726 1455 882 1503 lumina
908 1453 1143 1508 utebantur,
1168 1461 1212 1498 et
1241 1456 1295 1497 ad
1326 1447 1535 1511 curandos
1552 1457 1689 1497 varios
1716 1456 1931 1498 hominum
1952 1471 2226 1514 pecorumque

273 1522 445 1568 morbos
462 1524 509 1572 ³).
578 1522 745 1566 Deinde
774 1520 891 1564 lacus
912 1529 1029 1564 erant
1055 1522 1168 1565 circa
1193 1520 1504 1579 Agrigentum,
1544 1523 1731 1565 marinae
1767 1536 1905 1580 aquae
1934 1519 2109 1581 'gustum
2136 1527 2226 1583 qui-

273 1594 369 1634 dem
395 1591 617 1644 habentes,
645 1605 724 1632 nec
751 1604 848 1631 vero
879 1598 1090 1642 naturam3
1117 1603 1215 1631 num
1242 1591 1318 1645 qui
1338 1594 1484 1636 natare
1511 1591 1717 1640 nesciunt,
1746 1604 1832 1632 non
1859 1593 1992 1648 mergi
2016 1593 2223 1648 dicuntur,

274 1660 352 1702 sed
377 1657 592 1714 lignorum
618 1659 752 1699 instar
779 1661 1050 1711 supernatare
1065 1657 1117 1705 ⁴).
1170 1656 1235 1699 Ac
1260 1657 1479 1699 memorari
1505 1671 1582 1699 eos
1610 1658 1737 1699 etiam
1767 1655 1822 1700 ab
1850 1648 2106 1713 Aristotele,
2147 1664 2223 1704 sed

276 1725 349 1768 ubi
383 1727 483 1780 sint,
510 1725 674 1766 nescire
702 1738 750 1766 se
777 1724 931 1766 fatetur
958 1722 1113 1766 Fazell.
1140 1721 1174 1765 1.
1198 1722 1274 1766 vl.
1315 1727 1353 1767 1.
1408 1723 1551 1770 Etiam
1583 1723 1648 1765 sal
1686 1723 1987 1781 Agrigentinus
2021 1728 2222 1772 diversam

275 1807 301 1835 a
328 1791 490 1848 reliquo
519 1790 609 1833 sale
636 1798 826 1833 naturam
853 1789 993 1833 habet.
1038 1789 1204 1848 Ignium
1231 1792 1346 1833 enim
1373 1792 1539 1844 patiens
1567 1790 1715 1833 exsilit
1733 1805 1798 1834 ‚ex
1833 1805 1965 1848 aqua;
2019 1802 2145 1850 atque
2173 1809 2226 1837 ea

271 1875 341 1904 res
368 1861 497 1903 etiam
525 1873 634 1902 nunc
664 1860 783 1902 durat
801 1860 846 1911 ⁵).
902 1857 1055 1901 Cetera
1081 1856 1309 1904 salinarum
1331 1857 1505 1901 metalla
1529 1859 1573 1901 in
1597 1858 1752 1901 vicinia
1789 1858 2013 1917 Agrigenti
2040 1862 2222 1905 cautium

270 1931 360 1972 vice
387 1929 628 1985 funguntur,
652 1927 810 1983 quippe
826 1940 849 1968 e
868 1925 1019 1983 quibus
1046 1927 1299 1970 excidantur
1322 1927 1494 1969 deorum
1510 1926 1811 1984 hominumque
1835 1927 2068 1985 simulacra.
2095 1929 2160 1973 lbi
2176 1936 2220 1973 et

276 2153 309 2204 ¹)
348 2152 483 2188 Strabo
506 2152 576 2189 vl.
600 2163 638 2198 p.
662 2160 740 2198 272.
766 2153 813 2188 A.
838 2152 884 2187 cr.
909 2151 1060 2188 Cluver.
1088 2161 1126 2197 Ρ.
1149 2159 1224 2195 209.

273 2222 307 2270 ²)
357 2219 547 2263 Stolberg.
569 2220 640 2254 ΙΙΙ.
666 2227 744 2263 435.
790 2220 852 2254 De
877 2220 936 2255 his
961 2220 1069 2256 cellis
1087 2211 1266 2266 penariis,
1293 2231 1386 2265 quae
1410 2221 1635 2257 Carricatori
1661 2221 1912 2262 nominantur.
1937 2233 2132 2269 earumque
2160 2224 2217 2259 in-

359 2274 553 2310 stitutione
575 2275 675 2311 dixit
694 2276 855 2311 Bartels.
882 2277 933 2314 11.
961 2288 997 2323 p.
1028 2277 1092 2313 161
1119 2287 1199 2326 sqq.

275 2344 309 2396 ³)
354 2343 531 2379 Dioscor.
555 2344 586 2379 1.
613 2354 694 2384 100.
723 2345 826 2381 Prin.
851 2346 900 2381 Η.
925 2346 973 2382 Ν.
1001 2347 1170 2384 xxxv.
1195 2357 1226 2381 c.
1251 2355 1306 2391 51.
1332 2347 1453 2384 Solin.
1480 2357 1511 2382 c.
1539 2357 1594 2384 ιι.
1616 2339 1751 2383 Athen.
1773 2347 1827 2383 11.
1849 2358 1886 2393 p.
1910 2356 1966 2391 42.
1992 2347 2038 2383 E.
2058 2348 2216 2388 Ariston.

356 2401 447 2436 Met.
473 2401 523 2436 11.
548 2409 582 2445 3.
604 2402 753 2439 Cluver.
777 2414 813 2449 p.
838 2403 916 2446 369.
965 2402 1090 2439 Hodie
1112 2415 1259 2449 quoque
1281 2404 1422 2440 morbis
1444 2403 1585 2441 mederi
1611 2404 1845 2441 existimatur
1864 2411 1960 2441 teste
1980 2404 2149 2452 Brydon.
2165 2406 2214 2442 11.

356 2458 427 2503 Ep.
453 2458 564 2494 XIX.
590 2469 627 2505 p.
650 2463 703 2498 18.
726 2460 888 2507 Kephal.
916 2461 948 2496 1.
972 2472 1009 2507 Ρ.
1032 2465 1111 2506 284.

274 2530 309 2581 ⁴)
356 2527 503 2564 Strabo.
526 2528 596 2565 VI.
621 2539 658 2574 Ρ.
685 2536 763 2573 275.
790 2531 837 2566 A.

275 2603 308 2653 ⁵)
353 2596 457 2694 {132¹-
480 2598 517 2632 Η
553 2598 601 2632 Ν.
628 2598 776 2635 XXXI.
799 2609 853 2644 41.
882 2600 1002 2637 Solin.
1031 2601 1170 2649 Polyh.
1194 2611 1245 2644 rr.
1269 2600 1437 2648 Brydon.
1465 2601 1489 2636 l.
1518 2602 1543 2636 1.
1572 2612 1608 2646 Ρ.
1631 2610 1687 2644 4ο.
1738 2602 1933 2647 Angustia.
1967 2602 2015 2639 de
2045 2604 2214 2639 civ.-dei

460 2679 470 2688 .
493 2660 517 2697 5
534 2660 571 2689 et
595 2661 629 2698 ἶ.
